@inbook{octree-voxelization,
  author = {C. Crassin and S. Green},
  booktitle = "OpenGL Insights",
  year = {2012},
  month = {07},
  pages = {303-320},
  title = {Octree-Based Sparse Voxelization Using the GPU Hardware Rasterizer},
  isbn = {978-1-4398-9376-0},
  doi = {10.1201/b12288-26}
}

@inbook{marching-cubes-terrain,
  author = {Ryan Geiss},
  booktitle = {GPU Gems 3},
  year = {2007},
  title = {Generating Complex Procedural Terrains Using the GPU},
  isbn = {978-0-321-54542-8},
}

@article{scanline-voxelization,
  title = "Efficient voxelization using projected optimal scanline",
  journal = "Graphical Models",
  volume = "100",
  pages = "61 - 70",
  year = "2018",
  issn = "1524-0703",
  doi = "https://doi.org/10.1016/j.gmod.2017.06.004",
  //url = "http://www.sciencedirect.com/science/article/pii/S152407031730053X",
  author = "Y. Zhang and S. Garcia and W. Xu and T. Shao and Y. Yang",
  keywords = "3D voxelization, Scanline, Integer arithmetic, Bresenham’s algorithm",
}

@article{SVO,
  author = {S. Laine and T. Karras},
  year = {2010},
  month = {10},
  pages = {1048-59},
  title = {Efficient Sparse Voxel Octrees},
  volume = {17},
  journal = {IEEE transactions on visualization and computer graphics},
  doi = {10.1109/TVCG.2010.240}
}
@inproceedings{tess_voxelization,
  author = {Y. Fei and B. Wang and J. Chen},
  title = {Point-Tessellated Voxelization},
  year = {2012},
  isbn = {9781450314206},
  publisher = {Canadian Information Processing Society},
  address = {CAN},
  booktitle = {Proceedings of Graphics Interface 2012},
  pages = {9–18},
  numpages = {10},
  kppeywords = {point-based rendering, tessellation, surface subdivision, PN-triangles, real-time rendering, voxelization},
  location = {Toronto, Ontario, Canada},
  series = {GI ’12}
}

@article{SVDAG,
  author = {V. K\"{a}mpe and E. Sintorn and U. Assarsson},
  title = {High Resolution Sparse Voxel DAGs},
  year = {2013},
  issue_date = {July 2013},
  publisher = {Association for Computing Machinery},
  address = {New York, NY, USA},
  volume = {32},
  number = {4},
  issn = {0730-0301},
  url = {https://doi.org/10.1145/2461912.2462024},
  doi = {10.1145/2461912.2462024},
  journal = {ACM Trans. Graph.},
  month = jul,
  articleno = {Article 101},
  numpages = {13},
  keywords = {sparse, geometry, ray tracing, directed acyclic graph, octree, GPU}
}

@INPROCEEDINGS{voxel-medicin,
  author={J. M. L. {Guevara} and D. R. {Albrecht}},
  booktitle={2016 IEEE 36th Central American and Panama Convention (CONCAPAN XXXVI)},
  title={From pixel to voxel in the clinical diagnosis},
  year={2016},
  volume={},
  number={},
  pages={1-5},
  keywords={bone;cancer;computerised tomography;data visualisation;diseases;lung;medical image processing;phantoms;public domain software;rendering (computer graphics);clinical diagnosis;three-dimensional medical imaging techniques;3D medical imaging techniques;disease diagnosis;tissue rendering;vital anatomical information;functional information;virtual patient;3D rendering techniques;free software;open-source software;bone;lung parenchyma;visualization settings;human anatomical CT scan images;lung cancer phantom;image analysis;Three-dimensional displays;Lungs;Computed tomography;Biomedical imaging;Software;Rendering (computer graphics);FIJI;CT scan;3D Rendering;clinical image analysis},
  doi={10.1109/CONCAPAN.2016.7942370},
  ISSN={null},
  month={11}
}
@article{crassin-VCT,
  author = {C. Crassin and F. Neyret and M. Sainz and S. Green and E. Eisemann},
  year = {2011},
  month = {09},
  pages = {1921-1930},
  title = {Interactive Indirect Illumination Using Voxel Cone Tracing},
  volume = {30},
  journal = {Comput. Graph. Forum},
  doi = {10.1111/j.1467-8659.2011.02063.x}
}
@INPROCEEDINGS{voxel-collision,
  author={ {D. Zhang} and M. M. F. {Yuen}},
  booktitle={Proceedings the Eighth Pacific Conference on Computer Graphics and Applications},
  title={Collision detection for clothed human animation},
  year={2000},
  volume={},
  number={},
  pages={328-337},
  keywords={collision avoidance;computer animation;computational geometry;collision detection;clothed human animation;voxel-based collision detection method;voxel size;fast voxelization;self-collision detection method;curvature;multilayer methods;auxiliary line segments;cloth animation;Humans;Animation;Biological system modeling;Computational modeling;Computational geometry;Computational efficiency;Detection algorithms;Design automation;Computer graphics;Robots},
  doi={10.1109/PCCGA.2000.883956},
  ISSN={null},
  month={10}
}
@ARTICLE{bresenham,
  author={J. E. {Bresenham}},
  journal={IBM Systems Journal},
  title={Algorithm for computer control of a digital plotter},
  year={1965},
  volume={4},
  number={1},
  pages={25-30},
  keywords={},
  doi={10.1147/sj.41.0025},
  ISSN={0018-8670},
  month={},}

@inproceedings{voxeltraversal,
  title={A fast voxel traversal algorithm for ray tracing},
  author={J. Amanatides and A. A. Woo},
  booktitle={Eurographics},
  volume={87},
  number={3},
  pages={3--10},
  year={1987}
}

@ARTICLE{SVDAG-color,
  author={D. {Dolonius} and E. {Sintorn} and V. {Kämpe} and U. {Assarsson}},
  journal={IEEE Transactions on Visualization and Computer Graphics},
  title={Compressing Color Data for Voxelized Surface Geometry},
  year={2019},
  volume={25},
  number={2},
  pages={1270-1282},
  keywords={computational geometry;correlation methods;data compression;image coding;image colour analysis;image texture;hardware-accelerated texture compression formats;off-line compression formats;voxel colors;high compression rates;sparse voxel DAG;voxelized surfaces;color information;voxelized surface geometry;color data;Image color analysis;Image coding;Geometry;Indexes;Octrees;Arrays;Two dimensional displays;Voxel;sparse voxel octree;directed acyclic graph;space filling curve;color compression;ASTC;BC;JPEG;PNG},
  doi={10.1109/TVCG.2017.2741480},
  ISSN={2160-9306},
  month={2}
}

@inproceedings{gigavoxels,
  title={Gigavoxels: Ray-guided streaming for efficient and detailed voxel rendering},
  author={C. Crassin and F. Neyret and S. Lefebvre and E. Eisemann},
  booktitle={Proceedings of the 2009 symposium on Interactive 3D graphics and games},
  pages={15--22},
  year={2009}
}
@inproceedings{kdrestart,
  title={Interactive kd tree GPU raytracing},
  author={D. R. Horn and J. Sugerman and M. Houston and P. Hanrahan},
  booktitle={Proceedings of the 2007 symposium on Interactive 3D graphics and games},
  pages={167--174},
  year={2007}
}

@misc{tsbk03,
  author = {Linköping University},
  title = {Advanced Game Programming},
  url = {https://liu.se/studieinfo/en/kurs/tsbk03/ht-2019},
  year = {2019},
  note = {Visited on 2020-01-30}
}

@manual{openglspec46,
  organization  = "The Khronos Group Inc",
  title         = "The OpenGL Graphics System: A Specification",
  year          =  2019,
  month         =  10,    
  note          = "Ver. 4.6"
}

@article{SAT-voxelization,
  title={Fast parallel surface and solid voxelization on GPUs},
  author={Schwarz, Michael and Seidel, Hans-Peter},
  journal={ACM transactions on graphics (TOG)},
  volume={29},
  number={6},
  pages={1--10},
  year={2010},
  publisher={ACM New York, NY, USA}
}

@book{voxel-origin,
  title={Computer graphics: principles and practice},
  author={Foley, James D and Van, Foley Dan and Van Dam, Andries and Feiner, Steven K and Hughes, John F and Angel, Edward and Hughes, J},
  volume={12110},
  year={1996},
  publisher={Addison-Wesley Professional}
}

@article{marching-cubes,
  title={Marching cubes: A high resolution 3D surface construction algorithm},
  author={Lorensen, William E and Cline, Harvey E},
  journal={ACM siggraph computer graphics},
  volume={21},
  number={4},
  pages={163--169},
  year={1987},
  publisher={ACM New York, NY, USA}
}

@misc{macos-opengl,
  author = {Apple Inc.},
  title = {About OpenGL for OS X},
  url = {https://developer.apple.com/library/archive/documentation/GraphicsImaging/Conceptual/OpenGL-MacProgGuide/opengl_intro/opengl_intro.html},
  note = {Visited on 2020-02-10},
  year = {2018}
}
@misc{ios-opengl,
  author = {Apple Inc.},
  title = {About OpenGL ES},
  url = {https://developer.apple.com/library/archive/documentation/3DDrawing/Conceptual/OpenGLES_ProgrammingGuide/Introduction/Introduction.html},
  note = {Visited on 2020-02-10},
  year = {2018}
}

@misc{opengl-about,
  author = {The Khronos Group Inc},
  title = {OpenGL Overview},
  url = {https://www.opengl.org/about/},
  note = {Visited on 2020-02-11},
  year = {2020}
}

@article{3d-bresenham,
  author = {X. Liu and K. Cheng},
  year = {2002},
  month = {03},
  pages = {459-463},
  title = {Three-dimensional extension of Bresenham's algorithm and its application in straight-line interpolation},
  volume = {216},
  journal = {Proceedings of The Institution of Mechanical Engineers Part B-journal of Engineering Manufacture - PROC INST MECH ENG B-J ENG MA},
  doi = {10.1243/0954405021519979}
}

@misc{wolf3d,
  author = {id Software},
  title = {Wolfenstein 3D},
  url = {https://github.com/id-Software/wolf3d},
  year = {2012},
  note = {Visited on 2020-02-19}
}

@misc{source-code,
  author = {Tim Håkansson},
  title = {Master Thesis},
  url = {https://github.com/thraix/MasterThesis},
  year = {2020},
  note = {Visited on 2020-06-06}
}

@misc{cuda-opengl-interoperability,
  author = {D. Sandler},
  title = {gl\_cuda\_interop\_pingpong\_st},
  url = {https://github.com/nvpro-samples/gl\_cuda\_interop\_pingpong\_st},
  year = {2015},
  note = {Visited on 2020-03-10}
}
 
@misc{nvcc,
  author = {NVIDIA Corporation},
  title = {NVCC},
  url = {https://docs.nvidia.com/cuda/cuda-compiler-driver-nvcc/index.html},
  year = {2019},
  note = {Visited on 2020-02-19}
}

@article{triangle-box,
  title={Fast 3D triangle-box overlap testing},
  author={T. Akenine-M{\"o}llser},
  journal={Journal of graphics tools},
  volume={6},
  number={1},
  pages={29--33},
  year={2001},
  publisher={Taylor \& Francis}
}
@misc{cuda-profiling,
  author = {M. Harris},
  title = {How to Implement Performance Metrics in CUDA C/C++},
  url = {https://devblogs.nvidia.com/how-implement-performance-metrics-cuda-cc/},
  year = {2012},
  note = {Visited on 2020-03-24}
}

@article{jaccard,
  title={Distribution de la flore alpine dans le bassin des Dranses et dans quelques r{\'e}gions voisines},
  author={P. Jaccard},
  journal={Bull Soc Vaudoise Sci Nat},
  volume={37},
  pages={241--272},
  year={1901}
}

@misc{virtualgl,
  author = {Virtual GL},
  title = {The VirtualGL Project},
  url = {https://www.virtualgl.org/},
  year = {2018},
  note = {Visited on 2020-04-29}
}

@misc{thinlinc,
  author = {Cendio},
  title = {ThinLinc - a remote desktop server from Cendio},
  url = {https://www.cendio.com/thinlinc/what-is-thinlinc},
  year = {2020},
  note = {Visited on 2020-04-29}
}
  
@misc{floating-point,
  author = {Alan Wolfe},
  title = {Demystifying Floating Point Precision},
  url = {https://blog.demofox.org/2017/11/21/floating-point-precision/},
  year = {2017},
  note = {Visited on 2020-05-06}
}

@misc{aws,
  author = {Amazon},
  title = {Amazon Web Services},
  url = {https://aws.amazon.com/},
  year = {2020},
  note = {Visited on 2020-05-11}
}


@misc{stanford-rep,
  author = {Stanford University},
  title = {The Stanford 3D Scanning Repository},
  url = {https://graphics.stanford.edu/data/3Dscanrep/},
  year = {2014},
  note = {Visited on 2020-06-02}
}

@misc{blender-monkey,
  author = {Blender Foundation},
  title = {Primitives},
  url = {https://docs.blender.org/manual/en/latest/modeling/meshes/primitives.html},
  year = {2020},
  note = {Visited on 2020-06-02}
}

@misc{blender,
  author = {Blender Foundation},
  title = {Blender 2.82a},
  url = {https://www.blender.org},
  year = {2020},
  note = {Visited on 2020-06-02}
}
@article{depth-buffer,
  author = {A. Karabassi and G. Papaioannou and T. Theoharis},
  year = {1999},
  month = {01},
  pages = {5-10},
  title = {A Fast Depth-Buffer-Based Voxelization Algorithm},
  volume = {4},
  journal = {Journal of Graphics Tools},
  doi = {10.1080/10867651.1999.10487510}
}
